<record><leader>00000cas a22000007a 4500</leader><controlfield tag="001">11933215</controlfield><controlfield tag="008">850417d18951906njuwr ne      0    0eng d</controlfield><datafield ind1=" " ind2=" " tag="010"><subfield code="a">sn 85035569 </subfield></datafield><datafield ind1=" " ind2=" " tag="040"><subfield code="a">NPA</subfield><subfield code="b">eng</subfield><subfield code="c">NPA</subfield><subfield code="d">NJW</subfield><subfield code="d">OCLCQ</subfield></datafield><datafield ind1=" " ind2=" " tag="042"><subfield code="a">msc</subfield></datafield><datafield ind1="0" ind2=" " tag="130"><subfield code="a">Call (Dunellen, N.J.)</subfield></datafield><datafield ind1="1" ind2="4" tag="245"><subfield code="a">The call.</subfield></datafield><datafield ind1="1" ind2="7" tag="246"><subfield code="a">Weekly call</subfield></datafield><datafield ind1=" " ind2=" " tag="260"><subfield code="a">Dunellen, N.J. :</subfield><subfield code="b">George W. Day,</subfield><subfield code="c">1895-1906.</subfield></datafield><datafield ind1=" " ind2=" " tag="300"><subfield code="a">v. :</subfield><subfield code="b">ill.</subfield></datafield><datafield ind1=" " ind2=" " tag="310"><subfield code="a">Weekly</subfield></datafield><datafield ind1="0" ind2=" " tag="362"><subfield code="a">Vol. 4, no. 2 (Aug. 1, 1895)-v. 14, no. 52 (July 19, 1906) = Whole no. 158-no. 730.</subfield></datafield><datafield ind1=" " ind2=" " tag="515"><subfield code="a">Previous title ceased with: v. 6, no. 53 (July 25, 1895) = whole no. 157.</subfield></datafield><datafield ind1=" " ind2=" " tag="530"><subfield code="a">Also issued on microfilm by Norton Micro Images.</subfield></datafield><datafield ind1=" " ind2=" " tag="752"><subfield code="a">United States</subfield><subfield code="b">New Jersey</subfield><subfield code="c">Middlesex</subfield><subfield code="d">Dunellen.</subfield></datafield><datafield ind1=" " ind2=" " tag="752"><subfield code="a">United States</subfield><subfield code="b">New Jersey</subfield><subfield code="c">Middlesex</subfield><subfield code="d">New Market.</subfield></datafield><datafield ind1="0" ind2="0" tag="780"><subfield code="t">Weekly call (Dunellen, N.J. : 1892)</subfield><subfield code="w">(DLC)sn 85035565</subfield><subfield code="w">(OCoLC)11933196</subfield></datafield><datafield ind1="0" ind2="0" tag="785"><subfield code="t">Weekly call (Dunellen, N.J. : 1906)</subfield><subfield code="w">(DLC)sn 85035570</subfield><subfield code="w">(OCoLC)11933219</subfield></datafield></record>